@article{adolphs2001a,
  author = {Adolphs, R. and Sears, L. and Piven, J.},
  date = {2001},
  title = {Abnormal processing of social information from faces in autism},
  volume = {13},
  pages = {232–240},
  language = {en},
  journal = {Journal of cognitive neuroscience},
  number = {2}
}
@article{armstrong2012a,
  author = {Armstrong, T. and Olatunji, B.O.},
  date = {2012},
  title = {Eye tracking of attention in the affective disorders: A meta-analytic review and synthesis},
  volume = {32},
  pages = {704–723},
  language = {en},
  journal = {Clinical psychology review},
  number = {8}
}
@article{ashwin2006a,
  author = {Ashwin, C. and Chapman, E. and Colle, L. and Baron-Cohen, S.},
  date = {2006},
  title = {Impaired recognition of negative basic emotions in autism: A test of the amygdala theory},
  volume = {1},
  pages = {349–363},
  language = {en},
  journal = {Social neuroscience},
  number = {3-4}
}
@article{bagby1994a,
  author = {Bagby, R.M. and Parker, J.D. and Taylor, G.J.},
  date = {1994},
  title = {The twenty-item Toronto Alexithymia Scale—I. Item selection and cross-validation of the factor structure},
  volume = {38},
  pages = {23–32},
  language = {en},
  journal = {Journal of psychosomatic research},
  number = {1}
}
@article{bal2010a,
  author = {Bal, E. and Harden, E. and Lamb, D. and Hecke, A.V. and Denver, J.W. and Porges, S.W.},
  date = {2010},
  title = {Emotion recognition in children with autism spectrum disorders: Relations to eye gaze and autonomic state},
  volume = {40},
  pages = {358–370},
  language = {en},
  journal = {Journal of autism and developmental disorders},
  number = {3}
}
@article{baron-cohen1997a,
  author = {Baron-Cohen, S. and Jolliffe, T. and Mortimore, C. and Robertson, M.},
  date = {1997},
  title = {Another advanced test of theory of mind: Evidence from very high functioning adults with autism or Asperger Syndrome},
  volume = {38},
  pages = {813–822},
  language = {en},
  journal = {Child Psychology & Psychiatry & Allied Disciplines},
  number = {7}
}
@article{baron-cohen2001a,
  author = {Baron-Cohen, S. and Wheelwright, S. and Skinner, R. and Martin, J. and Clubley, E.},
  date = {2001},
  title = {The autism-spectrum quotient (AQ): Evidence from asperger syndrome/high-functioning autism, male sand females, scientists and mathematicians},
  volume = {31},
  pages = {5–17},
  language = {en},
  journal = {Journal of autism and developmental disorders},
  number = {1}
}
@article{berggren2018a,
  author = {Berggren, S. and Fletcher-Watson, S. and Milenkovic, N. and Marschik, P.B. and Bölte, S. and Jonsson, U.},
  date = {2018},
  title = {Emotion recognition training in autism spectrum disorder: A systematic review of challenges related to generalizability},
  volume = {21},
  pages = {141–154},
  language = {en},
  journal = {Developmental neurorehabilitation},
  number = {3}
}
@article{berthoz2005a,
  author = {Berthoz, S. and Hill, E.L.},
  date = {2005},
  title = {Reliability of the Bermond-Vorst Alexithymia Questionnaire: data from adults with autism spectrum disorder, their relatives and normal controls},
  volume = {20},
  pages = {291–298},
  language = {en},
  journal = {European Psychiatry}
}
@article{brett2022a,
  author = {Brett, J.D. and Maybery, M.T.},
  date = {2022},
  title = {Understanding oneself to understand others: the role of alexithymia and anxiety in the relationships between autistic trait dimensions and empathy},
  volume = {52},
  pages = {1971–1983},
  language = {en},
  journal = {Journal of Autism and Developmental Disorders},
  number = {5}
}
@article{brewer2015a,
  author = {Brewer, R. and Cook, R. and Cardi, V. and Treasure, J. and Bird, G.},
  date = {2015},
  title = {Emotion recognition deficits in eating disorders are explained by co-occurring alexithymia},
  volume = {2},
  pages = {140382},
  language = {en},
  journal = {Royal Society open science},
  number = {1}
}
@article{bjelland2002a,
  author = {Bjelland, I. and Dahl, A.A. and Haug, T.T. and Neckelmann, D.},
  date = {2002},
  title = {The validity of the Hospital Anxiety and Depression Scale: an updated literature review},
  volume = {52},
  pages = {69–77},
  language = {en},
  journal = {Journal of psychosomatic research},
  number = {2}
}
@article{calder2005a,
  author = {Calder, A.J. and Young, A.W.},
  date = {2005},
  title = {Understanding the recognition of facial identity and facial expression},
  volume = {6},
  pages = {641–651},
  language = {en},
  journal = {Nature Reviews Neuroscience},
  number = {8}
}
@article{calder1996a,
  author = {Calder, A.J. and Young, A.W. and Perrett, D.I. and Etcoff, N.L. and Rowland, D.},
  date = {1996},
  title = {Categorical perception of morphed facial expressions},
  volume = {3},
  pages = {81–118},
  language = {en},
  journal = {Visual Cognition},
  number = {2}
}
@article{charidza2022a,
  author = {Charidza, C.A. and Gillmeister, H.},
  date = {2022},
  title = {Differential beta desynchronisation responses to dynamic emotional facial expressions are attenuated in higher trait anxiety and autism},
  volume = {22},
  pages = {1404–1420},
  language = {en},
  journal = {Cognitive, Affective, & Behavioral Neuroscience},
  number = {6}
}
@article{cook2013a,
  author = {Cook, R. and Brewer, R. and Shah, P. and Bird, G.},
  date = {2013},
  title = {Alexithymia, not autism, predicts poor recognition of emotional facial expressions},
  volume = {24},
  pages = {723–732},
  language = {en},
  journal = {Psychological science},
  number = {5}
}
@article{corden2008a,
  author = {Corden, B. and Chilvers, R. and Skuse, D.},
  date = {2008},
  title = {Avoidance of emotionally arousing stimuli predicts social–perceptual impairment in Asperger's syndrome},
  volume = {46},
  pages = {137–147},
  language = {en},
  journal = {Neuropsychologia},
  number = {1}
}
@article{dalili2015a,
  author = {Dalili, M.N. and Penton-Voak, I.S. and Harmer, C.J. and Munafò, M.R.},
  date = {2015},
  title = {Meta-analysis of emotion recognition deficits in major depressive disorder},
  volume = {45},
  pages = {1135–1144},
  language = {en},
  journal = {Psychological medicine},
  number = {6}
}
@article{demenescu2010a,
  author = {Demenescu, L.R. and Kortekaas, R. and Boer, J.A. and Aleman, A.},
  date = {2010},
  title = {Impaired attribution of emotion to facial expressions in anxiety and major depression},
  volume = {5},
  pages = {15058},
  language = {en},
  journal = {PloS one},
  number = {12}
}
@article{didehbani2016a,
  author = {Didehbani, N. and Allen, T. and Kandalaft, M. and Krawczyk, D. and Chapman, S.},
  date = {2016},
  title = {Virtual reality social cognition training for children with high functioning autism},
  volume = {62},
  pages = {703–711},
  language = {en},
  journal = {Computers in human behavior}
}
@article{faul2009a,
  author = {Faul, F. and Erdfelder, E. and Buchner, A. and Lang, A.-G.},
  date = {2009},
  title = {Statistical power analyses using G*Power 3.1: Tests for correlation and regression analyses},
  volume = {41},
  pages = {1149–1160},
  language = {en},
  journal = {Behavior Research Methods}
}
@article{fieker2016a,
  author = {Fieker, M. and Moritz, S. and Köther, U. and Jelinek, L.},
  date = {2016},
  title = {Emotion recognition in depression: An investigation of performance and response confidence in adult female patients with depression},
  volume = {242},
  pages = {226–232},
  language = {en},
  journal = {Psychiatry research}
}
@article{gauthier2009a,
  author = {Gauthier, I. and Klaiman, C. and Schultz, R.T.},
  date = {2009},
  title = {Face composite effects reveal abnormal face processing in Autism spectrum disorders},
  volume = {49},
  pages = {470–478},
  language = {en},
  journal = {Vision Research},
  number = {4}
}
@article{gonz2018a,
  author = {González-Arias, M. and Martínez-Molina, A. and Galdames, S. and Urzúa, A.},
  date = {2018},
  title = {Psychometric properties of the 20-item Toronto Alexithymia Scale in the Chilean population},
  volume = {9},
  pages = {963},
  language = {en},
  journal = {Frontiers in Psychology}
}
@article{gould2011a,
  author = {Gould, J. and Ashton-Smith, J.},
  date = {2011},
  title = {Missed diagnosis or misdiagnosis? Girls and women on the autism spectrum},
  volume = {12},
  pages = {34–41},
  language = {en},
  journal = {Good Autism Practice (GAP},
  number = {1}
}
@misc{grynberg2012a,
  author = {Grynberg, D. and Chang, B. and Corneille, O. and Maurage, P. and Vermeulen, N. and Berthoz, S. and Luminet, O.},
  date = {2012},
  title = {Alexithymia and the processing of emotional facial expressions (EFEs): systematic review, unanswered questions and further perspectives},
  language = {en}
}
@article{harms2010a,
  author = {Harms, M.B. and Martin, A. and Wallace, G.L.},
  date = {2010},
  title = {Facial emotion recognition in autism spectrum disorders: a review of behavioral and neuroimaging studies},
  volume = {20},
  pages = {290–322},
  language = {en},
  journal = {Neuropsychology review},
  number = {3}
}
@article{hoekstra2011a,
  author = {Hoekstra, R.A. and Vinkhuyzen, A.A. and Wheelwright, S. and Bartels, M. and Boomsma, D.I. and Baron-Cohen, S. and Sluis, S.},
  date = {2011},
  title = {The construction and validation of an abridged version of the autism-spectrum quotient (AQ-Short},
  volume = {41},
  pages = {589–596},
  language = {en},
  journal = {Journal of autism and developmental disorders},
  number = {5}
}
@article{hollocks2019a,
  author = {Hollocks, M.J. and Lerh, J.W. and Magiati, I. and Meiser-Stedman, R. and Brugha, T.S.},
  date = {2019},
  title = {Anxiety and depression in adults with autism spectrum disorder: a systematic review and meta-analysis},
  volume = {49},
  pages = {559–572},
  language = {en},
  journal = {Psychological medicine},
  number = {4}
}
@article{honkalampi2000a,
  author = {Honkalampi, K. and Hintikka, J. and Tanskanen, A. and Lehtonen, J. and Viinamäki, H.},
  date = {2000},
  title = {Depression is strongly associated with alexithymia in the general population},
  volume = {48},
  pages = {99–104},
  language = {en},
  journal = {Journal of psychosomatic research},
  number = {1}
}
@article{howard2000a,
  author = {Howard, M.A. and Cowell, P.E. and Boucher, J. and Broks, P. and Mayes, A. and Farrant, A. and Roberts, N.},
  date = {2000},
  title = {Convergent neuroanatomical and behavioural evidence of an amygdala hypothesis of autism},
  volume = {11},
  pages = {2931–2935},
  language = {en},
  journal = {Neuroreport},
  number = {13}
}
@article{karukivi2010a,
  author = {Karukivi, M. and Hautala, L. and Kaleva, O. and Haapasalo-Pesu, K.M. and Liuksila, P.R. and Joukamaa, M. and Saarijärvi, S.},
  date = {2010},
  title = {Alexithymia is associated with anxiety among adolescents},
  volume = {125},
  pages = {383–387},
  language = {en},
  journal = {Journal of affective disorders},
  number = {1-3}
}
@article{kinnaird2019a,
  author = {Kinnaird, E. and Stewart, C. and Tchanturia, K.},
  date = {2019},
  title = {Investigating alexithymia in autism: a systematic review and meta-analysis},
  volume = {55},
  pages = {80–89},
  language = {en},
  journal = {European Psychiatry}
}
@article{kleinhans2008a,
  author = {Kleinhans, N.M. and Richards, T. and Sterling, L. and Stegbauer, K.C. and Mahurin, R. and Johnson, L.C. and Aylward, E.},
  date = {2008},
  title = {Abnormal functional connectivity in autism spectrum disorders during face processing},
  volume = {131},
  pages = {1000–1012},
  language = {en},
  journal = {Brain},
  number = {4}
}
@article{ko2018a,
  author = {Ko, B.},
  date = {2018},
  title = {A brief review of facial emotion recognition based on visual information},
  volume = {18},
  pages = {401},
  language = {en},
  journal = {sensors},
  number = {2}
}
@article{loth2018a,
  author = {Loth, E. and Garrido, L. and Ahmad, J. and Watson, E. and Duff, A. and Duchaine, B.},
  date = {2018},
  title = {Facial expression recognition as a candidate marker for autism spectrum disorder: how frequent and severe are deficits?},
  volume = {9},
  pages = {7},
  language = {en},
  journal = {Molecular autism},
  number = {1}
}
@article{loveland2008a,
  author = {Loveland, K.A. and Bachevalier, J. and Pearson, D.A. and Lane, D.M.},
  date = {2008},
  title = {Fronto-limbic functioning in children and adolescents with and without autism},
  volume = {46},
  pages = {49–62},
  language = {en},
  journal = {Neuropsychologia},
  number = {1}
}
@article{marchesi2000a,
  author = {Marchesi, C. and Brusamonti, E. and Maggini, C.},
  date = {2000},
  title = {Are alexithymia, depression, and anxiety distinct constructs in affective disorders?},
  volume = {49},
  pages = {43–49},
  language = {en},
  journal = {Journal of psychosomatic research},
  number = {1}
}
@book{m2010a,
  author = {M.A.T.L.A.B.},
  date = {2010},
  title = {version 7.10.0 (R2010a},
  publisher = {The MathWorks Inc},
  language = {en},
  address = {Natick, Massachusetts}
}
@article{messinger2022a,
  author = {Messinger, A.M. and Guadalupe-Diaz, X.L. and Kurdyla, V.},
  date = {2022},
  title = {Transgender polyvictimization in the US Transgender Survey},
  volume = {37},
  pages = {18810– 18836},
  language = {en},
  journal = {Journal of interpersonal violence},
  number = {19-20}
}
@article{morie2019a,
  author = {Morie, K.P. and Jackson, S. and Potenza, M.N. and Dritschel, B.},
  date = {2019},
  title = {Mood disorders in high-functioning autism: The importance of alexithymia and emotional regulation},
  volume = {49},
  pages = {2935–2945},
  language = {en},
  journal = {Journal of autism and developmental disorders},
  number = {7}
}
@article{murphy2016a,
  author = {Murphy, C.M. and Wilson, C.E. and Robertson, D.M. and Ecker, C. and Daly, E.M. and Hammond, N. and McAlonan, G.M.},
  date = {2016},
  title = {Autism spectrum disorder in adults: diagnosis, management, and health services development},
  language = {en},
  journal = {Neuropsychiatric disease and treatment}
}
@article{neumann2006a,
  author = {Neumann, D. and Spezio, M.L. and Piven, J. and Adolphs, R.},
  date = {2006},
  title = {Looking you in the mouth: abnormal gaze in autism resulting from impaired top-down modulation of visual attention},
  volume = {1},
  pages = {194–202},
  language = {en},
  journal = {Social cognitive and affective neuroscience},
  number = {3}
}
@article{nomi2015a,
  author = {Nomi, J.S. and Uddin, L.Q.},
  date = {2015},
  title = {Face processing in autism spectrum disorders: from brain regions to brain networks},
  volume = {71},
  pages = {201–216},
  language = {en},
  journal = {Neuropsychologia}
}
@article{nuske2013a,
  author = {Nuske, H.J. and Vivanti, G. and Dissanayake, C.},
  date = {2013},
  title = {Are emotion impairments unique to, universal, or specific in autism spectrum disorder? A comprehensive review},
  volume = {27},
  pages = {1042–1061},
  language = {en},
  journal = {Cognition & Emotion},
  number = {6}
}
@book{oakley2020a,
  author = {Oakley, B.F. and Jones, E.J. and Crawley, D. and Charman, T. and Buitelaar, J. and Tillmann, J. and Loth, E.},
  date = {2020},
  title = {Alexithymia in autism: cross-sectional and longitudinal associations with social-communication difficulties, anxiety and depression symptoms},
  publisher = {Psychological Medicine},
  pages = {1–13},
  language = {en}
}
@article{ogai2003a,
  author = {Ogai, M. and Matsumoto, H. and Suzuki, K. and Ozawa, F. and Fukuda, R. and Uchiyama, I. and Takei, N.},
  date = {2003},
  title = {fMRI study of recognition of facial expressions in high-functioning autistic patients},
  volume = {14},
  pages = {559–563},
  language = {fr},
  journal = {Neuroreport},
  number = {4}
}
@article{onur2013a,
  author = {Onur, E. and Alkın, T. and Sheridan, M.J. and Wise, T.N.},
  date = {2013},
  title = {Alexithymia and emotional intelligence in patients with panic disorder, generalized anxiety disorder and major depressive disorder},
  volume = {84},
  pages = {303–311},
  language = {en},
  journal = {Psychiatric Quarterly},
  number = {3}
}
@article{pellicano2023a,
  author = {Pellicano, E. and Adams, D. and Crane, L. and Hollingue, C. and Allen, C. and Almendinger, K. and Wheeley, E.},
  date = {2023},
  title = {A possible threat to data integrity for online qualitative autism research},
  volume = {13623613231174543},
  language = {en},
  journal = {Autism}
}
@article{prins2018a,
  author = {Prins, N. and Kingdom, F.A.A.},
  date = {2018},
  title = {Applying the Model-Comparison Approach to Test Specific Research Hypotheses in Psychophysical Research Using the Palamedes Toolbox},
  volume = {9},
  language = {en},
  journal = {Frontiers in Psychology},
  number = {1250}
}
@article{rutherford2008a,
  author = {Rutherford, M.D. and Towns, A.M.},
  date = {2008},
  title = {Scan path differences and similarities during emotion perception in those with and without autism spectrum disorders},
  volume = {38},
  pages = {1371–1381},
  language = {en},
  journal = {Journal of autism and developmental disorders},
  number = {7}
}
@article{ruzich2015a,
  author = {Ruzich, E. and Allison, C. and Smith, P. and Watson, P. and Auyeung, B. and Ring, H. and Baron-Cohen, S.},
  date = {2015},
  title = {Measuring autistic traits in the general population: a systematic review of the Autism-Spectrum Quotient (AQ) in a nonclinical population sample of 6,900 typical adult males and females},
  volume = {6},
  pages = {1–12},
  language = {en},
  journal = {Molecular autism},
  number = {1}
}
@article{sato2017a,
  author = {Sato, W. and Sawada, R. and Uono, S. and Yoshimura, S. and Kochiyama, T. and Kubota, Y. and Toichi, M.},
  date = {2017},
  title = {Impaired detection of happy facial expressions in autism},
  volume = {7},
  pages = {13340},
  language = {fr},
  journal = {Scientific reports},
  number = {1}
}
@article{sauter2022a,
  author = {Sauter, M. and Stefani, M. and Mack, W.},
  date = {2022},
  title = {Equal Quality for Online and Lab Data: A Direct Comparison from Two Dual-Task Paradigms},
  volume = {4},
  pages = {47–59},
  note = {DOI:},
  url = {https://doi.org/10.1515/psych-2022-0003},
  doi = {10.1515/psych-2022-0003},
  language = {en},
  journal = {Open Psychology},
  number = {1}
}
@article{shah2019a,
  author = {Shah, P. and Livingston, L.A. and Callan, M.J. and Player, L.},
  date = {2019},
  title = {Trait autism is a better predictor of empathy than alexithymia},
  volume = {49},
  pages = {3956–3964},
  language = {en},
  journal = {Journal of autism and developmental disorders},
  number = {10}
}
@article{sifneos1973a,
  author = {Sifneos, P.E.},
  date = {1973},
  title = {The prevalence of ‘alexithymic’ characteristics in psychosomatic patients},
  volume = {22},
  pages = {255–262},
  language = {en},
  journal = {Psychotherapy and psychosomatics},
  number = {2-6}
}
@article{silani2008a,
  author = {Silani, G. and Bird, G. and Brindley, R. and Singer, T. and Frith, C. and Frith, U.},
  date = {2008},
  title = {Levels of emotional awareness and autism: an fMRI study},
  volume = {3},
  pages = {97–112},
  language = {en},
  journal = {Social neuroscience},
  number = {2}
}
@article{skokauskas2010a,
  author = {Skokauskas, N. and Gallagher, L.},
  date = {2010},
  title = {Psychosis, affective disorders and anxiety in autistic spectrum disorder: prevalence and nosological considerations},
  volume = {43},
  pages = {8–16},
  language = {en},
  journal = {Psychopathology},
  number = {1}
}
@article{stern2014a,
  author = {Stern, A.},
  title = {The Hospital Anxiety and Depression Scale},
  volume = {64},
  date = {2014-07},
  pages = {393–394},
  language = {en},
  journal = {Occupational Medicine},
  number = {ue 5}
}
@article{stewart2006a,
  author = {Stewart, M.E. and Barnard, L. and Pearson, J. and Hasan, R. and O’Brien, G.},
  date = {2006},
  title = {Presentation of depression in autism and Asperger syndrome: A review},
  volume = {10},
  pages = {103–116},
  language = {en},
  journal = {Autism},
  number = {1}
}
@article{sucksmith2013a,
  author = {Sucksmith, E. and Allison, C. and Baron-Cohen, S. and Chakrabarti, B. and Hoekstra, R.A.},
  date = {2013},
  title = {Empathy and emotion recognition in people with autism, first-degree relatives, and controls},
  volume = {51},
  pages = {98–105},
  language = {en},
  journal = {Neuropsychologia},
  number = {1}
}
@article{teunisse2001a,
  author = {Teunisse, J.P. and Gelder, B.},
  date = {2001},
  title = {Impaired categorical perception of facial expressions in high-functioning adolescents with autism},
  volume = {7},
  pages = {1–14},
  language = {en},
  journal = {Child Neuropsychology},
  number = {1}
}
@article{torro-alves2016a,
  author = {Torro-Alves, N. and Bezerra, I.A.D.O. and Rodrigues, M.R. and Machado-de-Sousa, J.P. and Osório, F.D.L. and Crippa, J.A.},
  date = {2016},
  title = {Facial emotion recognition in social anxiety: The influence of dynamic information},
  volume = {9},
  pages = {1},
  language = {en},
  journal = {Psychology & Neuroscience},
  number = {1}
}
@article{uljarevic2013a,
  author = {Uljarevic, M. and Hamilton, A.},
  date = {2013},
  title = {Recognition of emotions in autism: a formal meta-analysis},
  volume = {43},
  pages = {1517–1526},
  language = {en},
  journal = {Journal of autism and developmental disorders},
  number = {7}
}
@article{uittenhove2022a,
  author = {Uittenhove, K. and Jeanneret, S. and Vergauwe, E.},
  date = {2022},
  title = {From lab-based to web-based behavioural research: Who you test is more important than how you test},
  volume = {16},
  note = {DOI:},
  url = {https://doi.org/10.31234/osf.io/uy4kb},
  doi = {10.31234/osf.io/uy4kb},
  language = {en},
  journal = {PsyArXiv, February}
}
@incollection{vlerken2020a,
  author = {Vlerken, R.H. and Fuchs, C.E. and Miesen, A.I.},
  date = {2020},
  title = {Caring for Transgender and Gender Diverse Youth with Co-occurring Neurodiversity},
  pages = {137–148},
  language = {en},
  booktitle = {Pediatric Gender Identity: Gender-affirming Care for Transgender & Gender Diverse Youth}
}
@article{vazquez2016a,
  author = {Vazquez, C. and Blanco, I. and Sanchez, A. and McNally, R.J.},
  date = {2016},
  title = {Attentional bias modification in depression through gaze contingencies and regulatory control using a new eye-tracking intervention paradigm: study protocol for a placebo-controlled trial},
  volume = {16},
  pages = {1–12},
  language = {en},
  journal = {BMC psychiatry},
  number = {1}
}
@article{venta2013a,
  author = {Venta, A. and Hart, J. and Sharp, C.},
  date = {2013},
  title = {The relation between experiential avoidance, alexithymia and emotion regulation in inpatient adolescents},
  volume = {18},
  pages = {398–410},
  language = {en},
  journal = {Clinical child psychology and psychiatry},
  number = {3}
}
@book{waldren2022a,
  author = {Waldren, L.H. and Livingston, L.A. and Clutterbuck, R.A. and Callan, M.J. and Walton, E. and Shah, P.},
  date = {2022},
  title = {Using Incorrect Cut-Off Values in Autism Screening},
  publisher = {The Consequences for Psychological Science},
  language = {en},
  address = {Tools}
}
@article{wallace2008a,
  author = {Wallace, S. and Coleman, M. and Bailey, A.},
  date = {2008},
  title = {An investigation of basic facial expression recognition in autism spectrum disorders},
  volume = {22},
  pages = {1353–1380},
  language = {en},
  journal = {Cognition and Emotion},
  number = {7}
}
@article{white2012a,
  author = {White, S.W. and Schry, A.R. and Maddox, B.B.},
  date = {2012},
  title = {Brief report: The assessment of anxiety in high-functioning adolescents with autism spectrum disorder},
  volume = {42},
  pages = {1138–1145},
  language = {en},
  journal = {Journal of Autism and Developmental Disorders}
}
@article{williams2021a,
  author = {Williams, Z.J. and Gotham, K.O.},
  date = {2021},
  title = {Improving the measurement of alexithymia in autistic adults: a psychometric investigation of the 20-item Toronto Alexithymia Scale and generation of a general alexithymia factor score using item response theory},
  volume = {12},
  pages = {1–24},
  language = {en},
  journal = {Molecular autism},
  number = {1}
}
@article{wong2012a,
  author = {Wong, N. and Beidel, D.C. and Sarver, D.E. and Sims, V.},
  date = {2012},
  title = {Facial emotion recognition in children with high functioning autism and children with social phobia},
  volume = {43},
  pages = {775–794},
  language = {en},
  journal = {Child Psychiatry & Human Development}
}
@article{zech1999a,
  author = {Zech, E. and Luminet, O. and Rimé, B. and Wagner, H.},
  date = {1999},
  title = {Alexithymia and its measurement: confirmatory factor analyses of the 20‐item Toronto Alexithymia Scale and the Bermond–Vorst Alexithymia Questionnaire},
  volume = {13},
  pages = {511–532},
  language = {en},
  journal = {European Journal of Personality},
  number = {6}
}
@article{zigmond1983a,
  author = {Zigmond, A.S. and Snaith, R.P.},
  date = {1983},
  title = {The hospital anxiety and depression scale},
  volume = {67},
  pages = {361–370},
  language = {it},
  journal = {Acta psychiatrica scandinavica},
  number = {6}
}
